@ARTICLE{hong12a,
AUTHOR="Hong, L. and Ahmed, A. and Gurumurthy, S. and Smola, A. and Tsioutsiouliklis, K.",
TITLE="Discovering Geographical Topics In The Twitter Stream",
YEAR="2012",
}

@ARTICLE{saka10a,
AUTHOR="Sakaki, T.",
TITLE="Earthquake Shakes Twitter Users : Real-time Event Detection by Social Sensors",
YEAR="2010",
}

@ARTICLE{robi11a,
AUTHOR="Robinson, B. and Power, R. and Cameron, M.",
TITLE="A Sensitive Twitter Earthquake Detector",
YEAR="2011",
}

@ARTICLE{chen10a,
AUTHOR="Cheng, Z. and Caverlee, J. and Lee, K.",
TITLE="You Are Where You Tweet : A Content-Based Approach to Geo-locating Twitter Users",
YEAR="2010",
}

@ARTICLE{ryoo14a,
AUTHOR="Ryoo, K. and Moon, S.",
TITLE="Inferring Twitter User Locations With 10km Accuracy",
YEAR="2014",
}

@ARTICLE{hech11a,
AUTHOR="Hecht, B. and Hong, L. and Suh, B. and Chi, E.",
TITLE="Tweets from Justin Bieber ’ s Heart : The Dynamics of the “ Location ” Field in User Profiles",
YEAR="2011",
}

@ARTICLE{mahm14a,
AUTHOR="Mahmud, J. and Nichols, J. and Drews, C.",
TITLE="Home Location Identification of Twitter Users",
YEAR="2014",
}

@ARTICLE{chan12a,
AUTHOR="Chang, H. and Lee, D. and Eltaher, M. and Lee, J.",
TITLE="@Phillies Tweeting from Philly ? Predicting Twitter User Locations with Spatial Word Usage",
YEAR="2012",
}

@ARTICLE{comp14a,
AUTHOR="Compton, R. and Jurgens, D. and Allen, D.",
TITLE="Geotagging One Hundred Million Twitter Accounts with Total Variation Minimization",
YEAR="2014",
}

@ARTICLE{rodr13a,
AUTHOR="Rodrigues, E. and Pappa, G. and Miranda, R. and Wagner M.",
TITLE="Uncovering the location of Twitter users",
YEAR="2013",
}

@ARTICLE{lee12a,
AUTHOR="Lee, B. and Hwang, B.",
TITLE="A Study of the Correlation between the Spatial Attributes on Twitter",
YEAR="2012",
}

@ARTICLE{chan11a,
AUTHOR="Chandra, S. and Khan, L.",
TITLE="Estimating Twitter User Location Using Social Interactions – A Content Based Approach",
YEAR="2011",
}

@ARTICLE{achr11a,
AUTHOR="Achrekar, H. and Lazarus, R. and Gandhe, A. and Yu, S. and Liu, B.",
TITLE="Predicting Flu Trends using Twitter Data",
YEAR="2011",
}

@ARTICLE{han16a,
AUTHOR="Han, B. and Derczynski, L. and Baldwin, T.",
TITLE="Twitter Geolocation Prediction Shared Task of the 2016 Workshop on Noisy User-generated Text",
YEAR="2016",
}

@ARTICLE{chi14a,
AUTHOR="Chi, L. and Lim, K. and Alam, N. and Butler, C.",
TITLE="Geolocation Prediction in Twitter Using Location Indicative Words and Textual Features",
YEAR="2014",
}

@ARTICLE{han13a,
AUTHOR="Han, B. and Cook, P. and Baldwin, T.",
TITLE="A Stacking-based Approach to Twitter User Geolocation Prediction",
YEAR="2013",
}

@ARTICLE{dred13a,
AUTHOR="Dredze, M. and Paul, M. and Bergsma, S. and Tran, H.",
TITLE="Carmen : A Twitter Geolocation System with Applications to Public Health",
YEAR="2013",
}

@ARTICLE{penn10a,
AUTHOR="Pennacchiotti, M. and Popescu, A.",
TITLE="A Machine Learning Approach to Twitter User Classification",
YEAR="2010",
}

@ARTICLE{misl11a,
AUTHOR="Mislove, A. and Lehmann, S. and Ahn, Y. and Onnela, J. and Rosenquist, J.",
TITLE="Understanding the Demographics of Twitter Users",
YEAR="2011",
}

@ARTICLE{chen11a,
AUTHOR="Cheng, Z. and Caverlee, J. and Lee, K. and Sui, D.",
TITLE="Exploring Millions of Footprints in Location Sharing Services",
YEAR="2011",
}

@ARTICLE{gonz11a,
AUTHOR="Gonzalez, R. and Cuevas, R. and Cuevas, A.",
TITLE="Where are my followers? Understanding the Locality Effect in Twitter",
YEAR="2011",
}

@ARTICLE{hazi17a,
AUTHOR="Hazimeh, H. and Mugellini, E. and Abou Khaled, O. and Cudré-Mauroux, P.",
TITLE="SocialMatching++: A Novel Approach for Interlinking User Profiles on Social Networks",
YEAR="2017",
}

@ARTICLE{pedr11a,
AUTHOR="Pedregosa, F. and Varoquaux, G. and Gramfort, A. and Michel, V. and Thirion, B. and Grisel, O. and Blondel, M. and Prettenhofer, P. and Weiss, R. and Dubourg, V. and Vanderplas, J. and Cournapeau, D. and Brucher, M. and Perrot, M. and Duchesnay, É.",
TITLE="Scikit-learn: Machine Learning in Python",
YEAR="2011",
}

@BOOK{sprachatlas_der_deutschen_schweiz,
  AUTHOR = "Baumgartner, H. and Hotzenköcherle, R.",
  TITLE = "Sprachatlas der Deutschen Schweiz",
  PUBLISHER = "Francke",
  YEAR = "1962-2003",
  ADDRESS = "Bern, Tübingen, Basel"
}

@mastersthesis{vand15a,
  author = {van der Veen, H.}, 
  title = {Composing a more complete and relevant Twitter dataset},
  school = {University of Twente},
  year = 2015
}

@TECHREPORT{mysq15a,
  AUTHOR = {MySQL},
  TITLE = {MySQL Performance Benchmarks },
  INSTITUTION = {MySQL AB},
  YEAR = {2005},
}

@ARTICLE{ston95a,
AUTHOR="Stonebraker, M and Lawrence, A. R.",
TITLE="The Design Of Postgres",
YEAR="1995",
}

@ARTICLE{gyor15a,
AUTHOR="Győrödi, C. and Győrödi, R. and Pecherle, G. and Olah, A.",
TITLE="A Comparative Study: MongoDB vs. MySQL",
YEAR="2015",
}

@ARTICLE{best19a,
AUTHOR="Besta, M. and Peter, E. and Gerstenberger, R. and Fischer, M. and Podstawski, M. and Barthels, C. and Alonso, G. and Hoefler T.",
TITLE="Demystifying Graph Databases: Analysis and Taxonomy of Data Organization, System Designs, and Graph Queries",
YEAR="2019",
}

@ARTICLE{lope15a,
AUTHOR="López, F. and De La Cruz, E.",
TITLE="Literature review about Neo4j graph database as a feasible alternative for replacing RDBMS",
YEAR="2015",
}

@ARTICLE{deva07a,
AUTHOR="Devarakota, P. R. and Mirbach, B and Ottersten, B.",
TITLE="Confidence Estimation in Classification Decision: A Method for Detecting Unseen Patterns",
YEAR="2007",
}

@ARTICLE{alsa16a,
AUTHOR="Alasalmi, T. and Suutala, J. and Koskimäki, H. and Röning, J.",
TITLE="Instance level classification confidence estimation",
YEAR="2016",
}

@ARTICLE{fern18a,
AUTHOR="Fernandes, D. and Bernardino, J.",
TITLE="Graph Databases Comparison: AllegroGraph, ArangoDB,
InfiniteGraph, Neo4J, and OrientDB",
YEAR="2018",
}

@ARTICLE{lock09a,
AUTHOR="Locke, B. and Marting, J.",
TITLE="Named Entity Recognition:Adapting to Microblogging",
YEAR="2009",
}